@article{blei2003latent,
  title={Latent dirichlet allocation},
  author={Blei, David M and Ng, Andrew Y and Jordan, Michael I},
  journal={the Journal of machine Learning research},
  volume={3},
  pages={993–1022},
  year={2003},
  publisher={JMLR. org}
}
@article{griffiths2004finding,
  title={Finding scientific topics},
  author={Griffiths, Thomas L and Steyvers, Mark},
  journal={Proceedings of the National Academy of Sciences},
  volume={101},
  number={suppl 1},
  pages={5228--5235},
  year={2004},
  publisher={National Acad Sciences}
}
@article{mimno2012topic,
  title={Topic models conditioned on arbitrary features with dirichlet-multinomial regression},
  author={Mimno, David and McCallum, Andrew},
  journal={arXiv preprint arXiv:1206.3278},
  year={2012}
}
@inproceedings{petterson2010word,
  title={Word features for latent dirichlet allocation},
  author={Petterson, James and Buntine, Wray and Narayanamurthy, Shravan M and Caetano, Tib{\'e}rio S and Smola, Alex J},
  booktitle={Advances in Neural Information Processing Systems},
  pages={1921–1929},
  year={2010}
}
@inproceedings{rosen2004author,
  title={The author-topic model for authors and documents},
  author={Rosen-Zvi, Michal and Griffiths, Thomas and Steyvers, Mark and Smyth, Padhraic},
  booktitle={Proceedings of the 20th conference on Uncertainty in artificial intelligence},
  pages={487–494},
  year={2004},
  organization={AUAI Press}
}
@inproceedings{tang2008arnetminer,
    title={Arnetminer: extraction and mining of academic social networks},
    author={Tang, Jie and Zhang, Jing and Yao, Limin and Li, Juanzi and Zhang, Li and Su, Zhong},
    booktitle={Proceedings of the 14th ACM SIGKDD international conference on Knowledge discovery and data mining},
    pages={990--998},
    year={2008},
    organization={ACM}
}

@article{hochreiter1997long,
    title={Long short-term memory},
    author={Hochreiter, Sepp and Schmidhuber, J{\"u}rgen},
    journal={Neural computation},
    volume={9},
    number={8},
    pages={1735--1780},
    year={1997},
    publisher={MIT Press}
}

@article{bengio2003neural,
      title={A neural probabilistic language model},
        author={Bengio, Yoshua and Ducharme, R{\'e}jean and Vincent, Pascal
            and Janvin, Christian},
          journal={The Journal of Machine Learning Research},
            volume={3},
              pages={1137--1155},
                year={2003},
                  publisher={JMLR. org}
}

@inproceedings{mikolov2013distributed,
      title={Distributed representations of words and phrases and their
          compositionality},
        author={Mikolov, Tomas and Sutskever, Ilya and Chen, Kai and
            Corrado, Greg S and Dean, Jeff},
          booktitle={Advances in neural information processing systems},
            pages={3111--3119},
              year={2013}
}

@article{wu2008top,
      title={Top 10 algorithms in data mining},
        author={Wu, Xindong and Kumar, Vipin and Quinlan, J Ross and Ghosh,
            Joydeep and Yang, Qiang and Motoda, Hiroshi and McLachlan,
            Geoffrey J and Ng, Angus and Liu, Bing and Philip, S Yu and
                others},
          journal={Knowledge and Information Systems},
            volume={14},
              number={1},
                pages={1--37},
                  year={2008},
                    publisher={Springer}
}
@inproceedings{metsis2006spam,
      title={Spam filtering with naive bayes-which naive bayes?},
        author={Metsis, Vangelis and Androutsopoulos, Ion and Paliouras,
            Georgios},
          booktitle={CEAS},
            pages={27--28},
              year={2006}
}
@book{scholkopf2002learning,
      title={Learning with kernels: Support vector machines, regularization,
          optimization, and beyond},
        author={Sch{\"o}lkopf, Bernhard and Smola, Alexander J},
          year={2002},
            publisher={MIT press}
}
